<?xml version="1.0" encoding="UTF-8"?><collection xmlns="http://www.loc.gov/MARC21/slim"><record><leader>00546nam--2200181-u-4500</leader><controlfield tag="001">000052151</controlfield><controlfield tag="002">20161230</controlfield><controlfield tag="005">20161230201049</controlfield><controlfield tag="008">090814s1000------------r-----000-0-eng-d</controlfield><datafield ind1=" " ind2=" " tag="040"><subfield code="a">IFIN-HH</subfield></datafield><datafield ind1=" " ind2=" " tag="080"><subfield code="a">539.1.07:539.1.08</subfield></datafield><datafield ind1="1" ind2=" " tag="100"><subfield code="a">Roca, Antoaneta</subfield></datafield><datafield ind1="1" ind2="0" tag="245"><subfield code="a">Mixed Filed Dosimetry for Clinical Application in Reactor - based BNCT</subfield><subfield code="b">Teza</subfield><subfield code="c">Antoaneta Roca</subfield></datafield><datafield ind1=" " ind2=" " tag="260"><subfield code="a">Bucuresti</subfield><subfield code="b">Ifa</subfield><subfield code="c">2009</subfield></datafield><datafield ind1=" " ind2=" " tag="300"><subfield code="a">108 p</subfield></datafield><datafield ind1=" " ind2=" " tag="502"><subfield code="a">Supervisor: Prof. Dr. Nicolae Victor Zamfir</subfield></datafield><datafield ind1=" " ind2=" " tag="852"><subfield code="a">82278</subfield><subfield code="c">539.1.07:539.1.08</subfield></datafield><datafield ind1=" " ind2=" " tag="CAT"><subfield code="a">Sys</subfield><subfield code="c">20110106</subfield><subfield code="h">105345</subfield></datafield></record></collection>